@article{modifiedgramschmidt,
  title="{Modified Gram--Schmidt process vs. classical Gram--Schmidt}",
  author={Longley, James W},
  journal={Communications in Statistics -- Simulation and Computation},
  volume={10},
  number={5},
  pages={517--527},
  year={1981}
}

@article{schmidt,
    author  = "E. Schmidt",
    title   = "{Zur Theorie der linearen und nichtlinearen Integralgleichungen I. Teil: Entwicklung willkürlicher Funktionen nach Systemen vorgeschriebener}",
    journal = "Mathematische Annalen",
    volume  = 63,
    pages   = {433-–476},
    year    = 1907
}

@article{gram,
    author  = "J. P. Gram",
    title   = "{Ueber die Entwickelung reeller Functionen in Reihen mittels der Methode der kleinsten Quadrate}",
    journal = "{Journal f\"ur die Reine und Angewandte Mathematik}",
    volume = 94,
    pages = {41–-73},
    year = 1883
}

@article{srEnglish,
    author = "Einstein, Albert",
    title = "{On the electrodynamics of moving bodies}",
    doi = "10.1002/andp.200590006",
    journal = "Annalen der Physik",
    volume = "17",
    pages = "891--921",
    year = "1905"
}

@article{sr,
  title={{Zur Elektrodynamik bewegter K{\"o}rper}},
  author={Einstein, Albert and others},
  journal={Annalen der Physik},
  volume={17},
  number={10},
  pages={891--921},
  year={1905},
  publisher={Springer}
}

@article{gr,
    author = "Einstein, Albert",
    title = {{Zur Allgemeinen Relativit\"atstheorie}},
    journal = "Sitzungsber. Preuss. Akad. Wiss. Berlin (Math. Phys.)",
    volume = "1915",
    pages = "778--786",
    year = "1915"
}

@ARTICLE{summation,
       author = {Einstein, Albert},
        title = "Die {Grundlage} der allgemeinen {Relativit{\"a}tstheorie}",
      journal = {Annalen der Physik},
         year = 1916,
        month = Jan,
       volume = {354},
       number = {7},
        pages = {769-822},
          doi = {10.1002/andp.19163540702},
}

@misc{joot,
      title={Change of basis and Gram-Schmidt orthonormalization in special relativity}, 
      author={Peeter Joot},
      year={2011},
      eprint={1104.4829},
      archivePrefix={arXiv},
      primaryClass={physics.class-ph},
      url={https://arxiv.org/abs/1104.4829}, 
}

@misc{wagner,
      title={Relativity free of coordinates}, 
      author={Serge A. Wagner},
      year={2018},
      eprint={1611.08018},
      archivePrefix={arXiv},
      primaryClass={physics.gen-ph},
      url={https://arxiv.org/abs/1611.08018}, 
}

@article{ricci,
  title={M{\'e}thodes de calcul diff{\'e}rentiel absolu et leurs applications},
  author={Ricci, M. M. G. and Levi-Civita, Tullio},
  journal={Mathematische Annalen},
  volume={54},
  number={1},
  pages={125--201},
  year={1900},
  publisher={Springer}
}

@book{kusse,
  title={Mathematical Physics: {Applied} mathematics for scientists and engineers},
  author={Kusse, Bruce R and Westwig, Erik A},
  year={2010},
  publisher={John Wiley \& Sons}
}

@book{weyl,
  title={The Classical Groups: Their Invariants and Representations},
  author={Weyl, Hermann},
  year={1946},
  publisher={Princeton University Press}
}

@book{dirac,
  title={The principles of quantum mechanics (3ed)},
  author={Dirac, Paul Adrien Maurice},
  number={27},
  year={1947},
  publisher={Oxford University Press}
}

@book{french,
	author = {A. P. French},
	publisher = {W. W. Norton \& Company},
	title = {Special Relativity},
	year = {1968}
}

@misc{zakamska,
      title={Theory of Special Relativity}, 
      author={Nadia L. Zakamska},
      year={2018},
      eprint={1511.02121},
      archivePrefix={arXiv},
      primaryClass={physics.ed-ph},
      url={https://arxiv.org/abs/1511.02121}, 
}

@misc{haber,
      title={Explicit form for the most general {Lorentz} transformation revisited}, 
      author={Howard E. Haber},
      year={2024},
      eprint={2312.12969},
      archivePrefix={arXiv},
      primaryClass={physics.class-ph},
      url={https://arxiv.org/abs/2312.12969}, 
}

@book{strings,
  title="{String theory and M-theory: A modern introduction}",
  author={Becker, Katrin and Becker, Melanie and Schwarz, John H},
  year={2006},
  publisher={Cambridge University Press}
}

@misc{branes,
      title="{TASI Lectures on D-Branes}", 
      author={Joseph Polchinski},
      year={1997},
      eprint={hep-th/9611050},
      archivePrefix={arXiv},
      primaryClass={hep-th},
      url={https://arxiv.org/abs/hep-th/9611050}, 
}
